<?xml version="1.0" encoding="UTF-8"?><collection xmlns="http://www.loc.gov/MARC21/slim"><record><leader>00467nam--2200157-i-4500</leader><controlfield tag="001">000028334</controlfield><controlfield tag="002">20161230</controlfield><controlfield tag="005">20161230201037</controlfield><controlfield tag="008">060222s1000------------r-----000-0-eng-d</controlfield><datafield ind1=" " ind2=" " tag="080"><subfield code="a">517.9</subfield></datafield><datafield ind1="1" ind2=" " tag="100"><subfield code="a">Ixaru, Liviu Gr</subfield></datafield><datafield ind1=" " ind2=" " tag="245"><subfield code="a">Numerical methods for differential equations and applications</subfield></datafield><datafield ind1=" " ind2=" " tag="260"><subfield code="a">Dordrecht,D.Reidel Publishong Company, 1984. Xxi+337p</subfield></datafield><datafield ind1=" " ind2=" " tag="490"><subfield code="a">Mathematics And Its Applications</subfield></datafield><datafield ind1=" " ind2=" " tag="852"><subfield code="a">72221</subfield><subfield code="c">517.9</subfield></datafield><datafield ind1=" " ind2=" " tag="CAT"><subfield code="a">Sys</subfield><subfield code="c">20090422</subfield><subfield code="h">134315</subfield></datafield></record></collection>